<record><leader>00000cas a22000007a 4500</leader><controlfield tag="001">12848576</controlfield><controlfield tag="008">851126d18611902nyucr ne      0    0eng d</controlfield><datafield ind1=" " ind2=" " tag="010"><subfield code="a">sn 85026976 </subfield></datafield><datafield ind1=" " ind2=" " tag="040"><subfield code="a">NPX</subfield><subfield code="b">eng</subfield><subfield code="c">NPX</subfield><subfield code="d">NYG</subfield><subfield code="d">NYS</subfield><subfield code="d">OCL</subfield><subfield code="d">OCLCQ</subfield><subfield code="d">OCLCF</subfield><subfield code="d">OCLCO</subfield></datafield><datafield ind1="1" ind2=" " tag="029"><subfield code="a">AU@</subfield><subfield code="b">000020234124</subfield></datafield><datafield ind1=" " ind2=" " tag="042"><subfield code="a">msc</subfield></datafield><datafield ind1=" " ind2=" " tag="043"><subfield code="a">n-us-ny</subfield></datafield><datafield ind1="0" ind2=" " tag="130"><subfield code="a">Plattsburgh sentinel (Plattsburgh, N.Y. : 1861)</subfield></datafield><datafield ind1="1" ind2="4" tag="245"><subfield code="a">The Plattsburgh sentinel.</subfield></datafield><datafield ind1=" " ind2=" " tag="260"><subfield code="a">Plattsburgh, N.Y. :</subfield><subfield code="b">Warren Dow</subfield></datafield><datafield ind1=" " ind2=" " tag="300"><subfield code="a">v.</subfield></datafield><datafield ind1=" " ind2=" " tag="321"><subfield code="a">Weekly</subfield></datafield><datafield ind1="1" ind2=" " tag="362"><subfield code="a">Began in 1861.</subfield><subfield code="z">Cf. Hist. of Clinton and Franklin Counties, N.Y., 1880.</subfield></datafield><datafield ind1="0" ind2=" " tag="362"><subfield code="a">-v. 48, no. 33 (Dec. 26, 1902).</subfield></datafield><datafield ind1=" " ind2=" " tag="500"><subfield code="a">"Republican."</subfield></datafield><datafield ind1=" " ind2=" " tag="500"><subfield code="a">Editor: A.W. Lansing, &lt;1875-1876&gt;.</subfield></datafield><datafield ind1=" " ind2=" " tag="588"><subfield code="a">Description based on: Vol. 6, no. 51 (May 30, 1861) = Whole no. 311.</subfield></datafield><datafield ind1=" " ind2="0" tag="651"><subfield code="a">Plattsburgh (N.Y.)</subfield><subfield code="v">Newspapers.</subfield></datafield><datafield ind1=" " ind2="0" tag="651"><subfield code="a">Clinton County (N.Y.)</subfield><subfield code="v">Newspapers.</subfield></datafield><datafield ind1=" " ind2="7" tag="655"><subfield code="a">Newspapers.</subfield><subfield code="2">fast</subfield><subfield code="0">(OCoLC)fst01423814</subfield></datafield><datafield ind1=" " ind2="7" tag="651"><subfield code="a">New York (State)</subfield><subfield code="z">Clinton County.</subfield><subfield code="2">fast</subfield><subfield code="0">(OCoLC)fst01212830</subfield></datafield><datafield ind1=" " ind2="7" tag="651"><subfield code="a">New York (State)</subfield><subfield code="z">Plattsburgh.</subfield><subfield code="2">fast</subfield><subfield code="0">(OCoLC)fst01212838</subfield></datafield><datafield ind1=" " ind2=" " tag="752"><subfield code="a">United States</subfield><subfield code="b">New York</subfield><subfield code="c">Clinton</subfield><subfield code="d">Plattsburgh.</subfield></datafield><datafield ind1="0" ind2="5" tag="780"><subfield code="t">Plattsburgh express &amp; sentinel</subfield><subfield code="g">1867</subfield><subfield code="w">(DLC)sn 84031198</subfield></datafield><datafield ind1="0" ind2="7" tag="785"><subfield code="t">Clinton County farmer</subfield><subfield code="w">(DLC)sn 84031095</subfield></datafield><datafield ind1="0" ind2="7" tag="785"><subfield code="t">Plattsburgh sentinel and Clinton County farmer</subfield><subfield code="w">(DLC)sn 88075730</subfield></datafield></record>